<record xmlns="http://www.loc.gov/MARC21/slim" xmlns:xsi="http://www.w3.org/2001/XMLSchema-instance" xsi:schemaLocation="http://www.loc.gov/MARC21/slim http://www.loc.gov/standards/marcxml/schema/MARC21slim.xsd"><leader>00037nz   2200037n  4500</leader><controlfield tag="001">DNB|102391181</controlfield><controlfield tag="003">DNB</controlfield><controlfield tag="005">20080405190813.0</controlfield><controlfield tag="008">930416n||aznnnabbn           | aaa    |c</controlfield><datafield ind1=" " ind2=" " tag="035"><subfield code="a">(DE-101)102391181</subfield></datafield><datafield ind1=" " ind2=" " tag="035"><subfield code="a">(DE-588a)102391181</subfield></datafield><datafield ind1=" " ind2=" " tag="040"><subfield code="a">DE-12</subfield><subfield code="b">ger</subfield><subfield code="c">DE-101</subfield><subfield code="e">rakwb</subfield><subfield code="d">9999</subfield></datafield><datafield ind1=" " ind2=" " tag="079"><subfield code="a">p</subfield><subfield code="q">f</subfield><subfield code="q">p</subfield><subfield code="t">12-PAN</subfield></datafield><datafield ind1="0" ind2=" " tag="100"><subfield code="a">Dionysius</subfield><subfield code="c">Sophista</subfield><subfield code="d">1./2. Jh. n. Chr.</subfield></datafield><datafield ind1="0" ind2=" " tag="400"><subfield code="a">Dionysios</subfield><subfield code="c">von Milet</subfield><subfield code="d">1./2. Jh. n. Chr.</subfield></datafield><datafield ind1="0" ind2=" " tag="400"><subfield code="a">Dionysios</subfield><subfield code="c">Sophist</subfield><subfield code="d">1./2. Jh. n. Chr.</subfield></datafield><datafield ind1="0" ind2=" " tag="400"><subfield code="a">Dionysius</subfield><subfield code="c">Milesius</subfield><subfield code="d">1./2. Jh. n. Chr.</subfield></datafield><datafield ind1="0" ind2=" " tag="400"><subfield code="a">Dionysius</subfield><subfield code="c">Lesbius</subfield><subfield code="d">1./2. Jh. n. Chr.</subfield></datafield><datafield ind1="0" ind2=" " tag="400"><subfield code="a">Dionysius</subfield><subfield code="c">Ephesius</subfield><subfield code="d">1./2. Jh. n. Chr.</subfield></datafield><datafield ind1="0" ind2=" " tag="400"><subfield code="a">Dionysios</subfield><subfield code="c">Rhetor</subfield><subfield code="d">1./2. Jh. n. Chr.</subfield></datafield><datafield ind1=" " ind2=" " tag="549"><subfield code="w">i</subfield><subfield code="i">Lebensdaten</subfield><subfield code="a">1./2. Jh. n. Chr.</subfield></datafield><datafield ind1=" " ind2=" " tag="678"><subfield code="a">Monodia de Chaeronea</subfield></datafield><datafield ind1=" " ind2=" " tag="996"><subfield code="2">PICA|069915733</subfield></datafield><datafield ind1=" " ind2=" " tag="996"><subfield code="2">PICA|072145951</subfield></datafield><datafield ind1=" " ind2=" " tag="996"><subfield code="2">PICA|069915962</subfield></datafield><datafield ind1=" " ind2=" " tag="996"><subfield code="2">PICA|069915989</subfield></datafield><datafield ind1=" " ind2=" " tag="996"><subfield code="2">PICA|069915946</subfield></datafield><datafield ind1=" " ind2=" " tag="996"><subfield code="2">PICA|069915830</subfield></datafield><datafield ind1=" " ind2=" " tag="996"><subfield code="2">NLA|000035826619</subfield></datafield><datafield ind1=" " ind2=" " tag="996"><subfield code="2">PICA|069915814</subfield></datafield><datafield ind1=" " ind2=" " tag="996"><subfield code="2">PICA|086868608</subfield></datafield><datafield ind1=" " ind2=" " tag="996"><subfield code="2">PICA|069915717</subfield></datafield><datafield ind1=" " ind2=" " tag="996"><subfield code="2">BAV|ADV10266028</subfield></datafield><datafield ind1=" " ind2=" " tag="996"><subfield code="2">BAV|ADV12144324</subfield></datafield><datafield ind1=" " ind2=" " tag="996"><subfield code="2">BAV|ADV10266020</subfield></datafield><datafield ind1=" " ind2=" " tag="996"><subfield code="2">LC|n  90660678</subfield></datafield><datafield ind1=" " ind2=" " tag="996"><subfield code="2">LC|no 98129194</subfield></datafield><datafield ind1=" " ind2=" " tag="996"><subfield code="2">LC|n  84133347</subfield></datafield><datafield ind1=" " ind2=" " tag="996"><subfield code="2">PICA|06991589X</subfield></datafield><datafield ind1=" " ind2=" " tag="996"><subfield code="2">LC|no 91013549</subfield></datafield><datafield ind1=" " ind2=" " tag="996"><subfield code="2">LC|n  85113327</subfield></datafield><datafield ind1=" " ind2=" " tag="996"><subfield code="2">LC|n  50028822</subfield></datafield><datafield ind1=" " ind2=" " tag="996"><subfield code="2">J9Ulat|000251724</subfield></datafield><datafield ind1=" " ind2=" " tag="996"><subfield code="2">ICCU|UBOV121938</subfield></datafield><datafield ind1=" " ind2=" " tag="996"><subfield code="2">PICA|06991608X</subfield></datafield><datafield ind1=" " ind2=" " tag="996"><subfield code="2">LC|n  85326844</subfield></datafield><datafield ind1=" " ind2=" " tag="996"><subfield code="2">J9Ulat|000039719</subfield></datafield><datafield ind1=" " ind2=" " tag="996"><subfield code="2">LC|n  87807248</subfield></datafield><datafield ind1=" " ind2=" " tag="996"><subfield code="2">PICA|275394395</subfield></datafield><datafield ind1=" " ind2=" " tag="996"><subfield code="2">PICA|069915938</subfield></datafield><datafield ind1=" " ind2=" " tag="996"><subfield code="2">PICA|069915911</subfield></datafield><datafield ind1=" " ind2=" " tag="996"><subfield code="2">J9Ulat|000039718</subfield></datafield><datafield ind1=" " ind2=" " tag="996"><subfield code="2">PICA|069915776</subfield></datafield><datafield ind1=" " ind2=" " tag="996"><subfield code="2">J9Ulat|000039712</subfield></datafield><datafield ind1=" " ind2=" " tag="996"><subfield code="2">NLA|000035037247</subfield></datafield><datafield ind1=" " ind2=" " tag="996"><subfield code="2">BAV|ADV10266034</subfield></datafield><datafield ind1=" " ind2=" " tag="996"><subfield code="2">J9Ulat|000039717</subfield></datafield><datafield ind1=" " ind2=" " tag="996"><subfield code="2">J9Ulat|000039716</subfield></datafield><datafield ind1=" " ind2=" " tag="996"><subfield code="2">LC|no2008072427</subfield></datafield><datafield ind1=" " ind2=" " tag="996"><subfield code="2">PICA|183887719</subfield></datafield><datafield ind1=" " ind2=" " tag="996"><subfield code="2">PICA|069915806</subfield></datafield><datafield ind1=" " ind2=" " tag="996"><subfield code="2">PICA|263318494</subfield></datafield><datafield ind1=" " ind2=" " tag="996"><subfield code="2">PICA|07422719X</subfield></datafield><datafield ind1=" " ind2=" " tag="996"><subfield code="2">LC|no 94015505</subfield></datafield><datafield ind1=" " ind2=" " tag="996"><subfield code="2">PICA|069915997</subfield></datafield><datafield ind1=" " ind2=" " tag="996"><subfield code="2">BAV|ADV11499254</subfield></datafield><datafield ind1=" " ind2=" " tag="996"><subfield code="2">PICA|071904042</subfield></datafield><datafield ind1=" " ind2=" " tag="996"><subfield code="2">LC|n  83031899</subfield></datafield><datafield ind1=" " ind2=" " tag="996"><subfield code="2">LC|nr 98006533</subfield></datafield><datafield ind1=" " ind2=" " tag="996"><subfield code="2">PICA|067867294</subfield></datafield><datafield ind1=" " ind2=" " tag="996"><subfield code="2">LC|n  85105429</subfield></datafield><datafield ind1=" " ind2=" " tag="996"><subfield code="2">PICA|069915768</subfield></datafield><datafield ind1=" " ind2=" " tag="996"><subfield code="2">LC|n  83031892</subfield></datafield><datafield ind1=" " ind2=" " tag="996"><subfield code="2">PICA|06991611X</subfield></datafield><datafield ind1=" " ind2=" " tag="996"><subfield code="2">PICA|069916020</subfield></datafield><datafield ind1=" " ind2=" " tag="996"><subfield code="2">NLA|000035037286</subfield></datafield><datafield ind1=" " ind2=" " tag="996"><subfield code="2">PICA|18640686X</subfield></datafield><datafield ind1=" " ind2=" " tag="996"><subfield code="2">PICA|289761301</subfield></datafield><datafield ind1=" " ind2=" " tag="996"><subfield code="2">PICA|168262207</subfield></datafield><datafield ind1=" " ind2=" " tag="996"><subfield code="2">PICA|069915784</subfield></datafield><datafield ind1=" " ind2=" " tag="996"><subfield code="2">PICA|069916063</subfield></datafield><datafield ind1=" " ind2=" " tag="996"><subfield code="2">PICA|06934342X</subfield></datafield><datafield ind1=" " ind2=" " tag="996"><subfield code="2">BNE|XX957930</subfield></datafield><datafield ind1=" " ind2=" " tag="996"><subfield code="2">PICA|184371961</subfield></datafield><datafield ind1=" " ind2=" " tag="996"><subfield code="2">PICA|068585497</subfield></datafield><datafield ind1=" " ind2=" " tag="996"><subfield code="2">LC|n  79113975</subfield></datafield><datafield ind1=" " ind2=" " tag="996"><subfield code="2">SELIBR|183858</subfield></datafield><datafield ind1=" " ind2=" " tag="996"><subfield code="2">PICA|08907484X</subfield></datafield><datafield ind1=" " ind2=" " tag="996"><subfield code="2">PICA|069916098</subfield></datafield><datafield ind1=" " ind2=" " tag="996"><subfield code="2">LC|n  92023771</subfield></datafield><datafield ind1=" " ind2=" " tag="996"><subfield code="2">PICA|172460581</subfield></datafield><datafield ind1=" " ind2=" " tag="996"><subfield code="2">SELIBR|183856</subfield></datafield><datafield ind1=" " ind2=" " tag="996"><subfield code="2">LC|n  50082922</subfield></datafield><datafield ind1=" " ind2=" " tag="997"><subfield code="a">0 100 flourished</subfield><subfield code="9">1</subfield></datafield></record>